<record><leader>00000cas a22000007a 4500</leader><controlfield tag="001">37591138</controlfield><controlfield tag="008">970909d19uu19uucauuu ne      0    0eng d</controlfield><datafield ind1=" " ind2=" " tag="010"><subfield code="a">sn 97069566 </subfield></datafield><datafield ind1=" " ind2=" " tag="040"><subfield code="a">CNK</subfield><subfield code="b">eng</subfield><subfield code="c">CNK</subfield><subfield code="d">OCLCQ</subfield><subfield code="d">OCLCF</subfield><subfield code="d">OCLCO</subfield></datafield><datafield ind1="1" ind2=" " tag="029"><subfield code="a">AU@</subfield><subfield code="b">000013497290</subfield></datafield><datafield ind1=" " ind2=" " tag="042"><subfield code="a">msc</subfield></datafield><datafield ind1=" " ind2=" " tag="043"><subfield code="a">n-us-ca</subfield></datafield><datafield ind1="0" ind2="0" tag="245"><subfield code="a">Kearny Mesa independent.</subfield></datafield><datafield ind1="3" ind2=" " tag="246"><subfield code="a">Kearny Mesa independent weekender</subfield></datafield><datafield ind1=" " ind2=" " tag="260"><subfield code="a">[San Diego, Calif. :</subfield><subfield code="b">San Diego Independent]</subfield></datafield><datafield ind1=" " ind2=" " tag="300"><subfield code="a">v.</subfield></datafield><datafield ind1=" " ind2=" " tag="500"><subfield code="a">"Weekender" appears in small print below masthead.</subfield></datafield><datafield ind1=" " ind2=" " tag="588"><subfield code="a">Description based on: June 20, 1970.</subfield></datafield><datafield ind1=" " ind2="0" tag="651"><subfield code="a">San Diego (Calif.)</subfield><subfield code="v">Newspapers.</subfield></datafield><datafield ind1=" " ind2="7" tag="655"><subfield code="a">Newspapers.</subfield><subfield code="2">fast</subfield><subfield code="0">(OCoLC)fst01423814</subfield></datafield><datafield ind1=" " ind2="7" tag="651"><subfield code="a">California</subfield><subfield code="z">San Diego.</subfield><subfield code="2">fast</subfield><subfield code="0">(OCoLC)fst01205232</subfield></datafield><datafield ind1=" " ind2=" " tag="752"><subfield code="a">United States</subfield><subfield code="b">California</subfield><subfield code="c">San Diego</subfield><subfield code="d">San Diego.</subfield></datafield><datafield ind1="0" ind2=" " tag="775"><subfield code="t">San Diego independent (San Diego, Calif. : 1968)</subfield><subfield code="w">(DLC)sn 97069563</subfield></datafield><datafield ind1="0" ind2=" " tag="775"><subfield code="t">Mesa independent</subfield><subfield code="w">(DLC)sn 97069567</subfield></datafield><datafield ind1="0" ind2=" " tag="775"><subfield code="t">Sping Valley Lemon Grove independent</subfield><subfield code="w">(DLC)sn 97069568</subfield></datafield><datafield ind1="0" ind2=" " tag="775"><subfield code="t">East San Diego independent</subfield><subfield code="w">(DLC)sn 97069569</subfield></datafield></record>